@book{pardo2004,
  author    = {Pardo G., A. and Díaz R., J. L.},
  title     = {Aplicaciones de los convertidores de frecuencia, Estrategias PWM},
  year      = {2004},
  publisher = {Editorial Java E. U.},
  address   = {Colombia}
}

@book{ogata2004,
  author    = {Ogata, K.},
  title     = {Ingeniería de Control Moderna},
  year      = {2004},
  publisher = {Prentice Hall},
  edition   = {Cuarta edición},
  address   = {Madrid}
}

@article{clymer1992,
  author  = {Clymer, J. R.},
  title   = {Discrete Event Fuzzy Airport Control},
  journal = {IEEE Trans. On Systems, Man, and Cybernetics},
  year    = {1992},
  volume  = {22},
  number  = {2}
}
